<?xml version="1.0" encoding="UTF-8"?><collection xmlns="http://www.loc.gov/MARC21/slim"><record><leader>00566nam--2200205-u-4500</leader><controlfield tag="001">000052945</controlfield><controlfield tag="002">20161230</controlfield><controlfield tag="005">20161230201050</controlfield><controlfield tag="008">101130s1000------------r-----000-0-eng-d</controlfield><datafield ind1=" " ind2=" " tag="020"><subfield code="a">9780521527354</subfield></datafield><datafield ind1=" " ind2=" " tag="040"><subfield code="a">IFIN-HH</subfield></datafield><datafield ind1=" " ind2=" " tag="080"><subfield code="a">535.13:535.14(075)</subfield></datafield><datafield ind1="1" ind2=" " tag="100"><subfield code="a">Gerry, Christopher C</subfield></datafield><datafield ind1="1" ind2="0" tag="245"><subfield code="a">Introductory quantum optics</subfield><subfield code="c">Christopher c. gerry; peter l. knight</subfield></datafield><datafield ind1=" " ind2=" " tag="260"><subfield code="a">Cambridge</subfield><subfield code="b">Cambridge University Press</subfield><subfield code="c">2005</subfield></datafield><datafield ind1=" " ind2=" " tag="300"><subfield code="a">317</subfield></datafield><datafield ind1=" " ind2="0" tag="650"><subfield code="a">Quantum optics</subfield></datafield><datafield ind1="1" ind2=" " tag="700"><subfield code="a">Knight, Peter L</subfield></datafield><datafield ind1=" " ind2=" " tag="852"><subfield code="a">81722</subfield><subfield code="c">535</subfield></datafield><datafield ind1=" " ind2=" " tag="CAT"><subfield code="a">Sys</subfield><subfield code="c">20101130</subfield><subfield code="h">104751</subfield></datafield></record></collection>